<record><leader>00000cas a22000007a 4500</leader><controlfield tag="001">10787876</controlfield><controlfield tag="008">840530d18591968nhuwr ne      0    0eng d</controlfield><datafield ind1=" " ind2=" " tag="010"><subfield code="a">sn 84023179 </subfield></datafield><datafield ind1=" " ind2=" " tag="040"><subfield code="a">AQM</subfield><subfield code="b">eng</subfield><subfield code="c">AQM</subfield><subfield code="d">OCLCQ</subfield><subfield code="d">DLC</subfield><subfield code="d">OCLCF</subfield></datafield><datafield ind1=" " ind2=" " tag="042"><subfield code="a">msc</subfield></datafield><datafield ind1=" " ind2=" " tag="043"><subfield code="a">n-us-nh</subfield></datafield><datafield ind1="0" ind2="0" tag="050"><subfield code="a">Newspaper</subfield></datafield><datafield ind1="0" ind2="4" tag="245"><subfield code="a">The Granite State free press.</subfield></datafield><datafield ind1=" " ind2=" " tag="260"><subfield code="a">Lebanon, N.H. :</subfield><subfield code="b">George S. Towle</subfield></datafield><datafield ind1=" " ind2=" " tag="300"><subfield code="a">v. :</subfield><subfield code="b">ill. (chiefly advertisements) ;</subfield><subfield code="c">69 cm.</subfield></datafield><datafield ind1=" " ind2=" " tag="310"><subfield code="a">Weekly</subfield></datafield><datafield ind1="1" ind2=" " tag="362"><subfield code="a">Began with July 15, 1859 issue.</subfield><subfield code="z">Cf. Amer. newspapers, 1821-1936.</subfield></datafield><datafield ind1="1" ind2=" " tag="362"><subfield code="a">Ceased in 1968.</subfield><subfield code="z">Cf. Newspapers in microform: U.S., 1948-1972.</subfield></datafield><datafield ind1=" " ind2=" " tag="500"><subfield code="a">Published every Friday.</subfield></datafield><datafield ind1=" " ind2=" " tag="500"><subfield code="a">Editors: G.S. Towle, 1859-&lt;1860&gt;; E.H. Cheney, &lt;1860-1861&gt;; W.J. Bellows, E.H. Cheney, &lt;1863&gt;-1864.</subfield></datafield><datafield ind1=" " ind2=" " tag="500"><subfield code="a">Publishers: E.H. Cheney, &lt;1860&gt;-1875; Fred W. Cheney, 1875-&lt;1876&gt;.</subfield></datafield><datafield ind1=" " ind2=" " tag="588"><subfield code="a">Description based on: Old ser. v. 15, no. 40 (Aug. 12, 1859).</subfield></datafield><datafield ind1=" " ind2="0" tag="651"><subfield code="a">Lebanon (N.H.)</subfield><subfield code="v">Newspapers.</subfield></datafield><datafield ind1=" " ind2="7" tag="655"><subfield code="a">Newspapers.</subfield><subfield code="2">rbgenr</subfield></datafield><datafield ind1=" " ind2="7" tag="655"><subfield code="a">Newspapers.</subfield><subfield code="2">fast</subfield><subfield code="0">(OCoLC)fst01423814</subfield></datafield><datafield ind1=" " ind2="7" tag="651"><subfield code="a">New Hampshire</subfield><subfield code="z">Lebanon.</subfield><subfield code="2">fast</subfield><subfield code="0">(OCoLC)fst01224075</subfield></datafield><datafield ind1="1" ind2=" " tag="700"><subfield code="a">Towle, George Sullivan,</subfield><subfield code="d">1815-1882.</subfield></datafield><datafield ind1=" " ind2=" " tag="752"><subfield code="a">United States</subfield><subfield code="b">New Hampshire</subfield><subfield code="c">Grafton</subfield><subfield code="d">Lebanon.</subfield></datafield><datafield ind1="0" ind2="0" tag="780"><subfield code="t">Granite State Whig</subfield><subfield code="w">(DLC)sn 84023178</subfield><subfield code="w">(OCoLC)10787767</subfield></datafield><datafield ind1="0" ind2="5" tag="780"><subfield code="t">People's journal (Littleton, N.H.)</subfield><subfield code="g">1864</subfield><subfield code="w">(DLC)sn 84023777</subfield><subfield code="w">(OCoLC)10984529</subfield></datafield></record>